@BOOK{lb_SFC,
  AUTHOR       = "Chandra Kopparapu",
  TITLE        = "Load Balancing Servers, Firewalls and Caches",
  PUBLISHER    = "John Wiley and Sons, Inc.",
  YEAR         = "2001",
  ADDRESS      = "New York"
}

@inproceedings{sk-typo3,
	author = "Steffen Kamper",
	title = "Leistungen von sk-typo3",
	publisher = "Steffen Kamper",
	address = "Online: http://www.sk-typo3.de/Leistungen.5.0.html",
	year = "Zuletzt aktualisiert: 6.11.2014, Zuletzt aufgerufen: 6.11.2014"
}